%% This BibTeX bibliography file was created using BibDesk.
%% https://bibdesk.sourceforge.io/

%% Created for Federico DEL RAZO at 2022-10-27 15:19:36 -0500 


%% Saved with string encoding Unicode (UTF-8) 



@article{lopez2013impacto,
	author = {L{\'o}pez-Cozar, Emilio Delgado and Caballero, Rafael Repiso},
	date-added = {2022-10-24 11:45:44 -0500},
	date-modified = {2022-10-24 11:45:44 -0500},
	journal = {Comunicar: Revista cient{\'\i}fica iberoamericana de comunicaci{\'o}n y educaci{\'o}n},
	number = {41},
	pages = {45--52},
	publisher = {Grupo Comunicar},
	title = {El impacto de las revistas de comunicaci{\'o}n: comparando Google Scholar Metrics, Web of Science y Scopus},
	year = {2013}}

@article{orduna2016revolucion,
	author = {Ordu{\~n}a-Malea, Enrique},
	date-added = {2022-10-24 11:45:23 -0500},
	date-modified = {2022-10-24 11:45:23 -0500},
	journal = {La revoluci{\'o}n google scholar},
	pages = {1--268},
	publisher = {Universidad de Granada},
	title = {La revoluci{\'o}n Google Scholar: Destapando la caja de Pandora acad{\'e}mica},
	year = {2016}}

@book{knuth97,
	added-at = {2015-06-04T07:09:07.000+0200},
	address = {Reading, Mass.},
	author = {Knuth, Donald E.},
	biburl = {https://www.bibsonomy.org/bibtex/296a2ce8070028e53a72f4b1d64d467a5/ytyoun},
	date-added = {2022-10-24 11:43:17 -0500},
	date-modified = {2022-10-24 11:43:17 -0500},
	edition = {Third},
	interhash = {bb4a4a475ed6fc749f4863d5fa9bb651},
	intrahash = {96a2ce8070028e53a72f4b1d64d467a5},
	isbn = {0201896834 9780201896831},
	keywords = {algorithm knuth no.pdf taocp textbook},
	publisher = {Addison-Wesley},
	refid = {872287313},
	timestamp = {2015-07-29T09:31:31.000+0200},
	title = {The Art of Computer Programming, Vol. 1: Fundamental Algorithms},
	year = 1997}

@book{Sampieri,
	address = {M{\'e}xico :},
	author = {Hern{\'a}ndez Sampieri, Roberto. and Baptista Lucio, Pilar.},
	date-added = {2022-10-24 09:44:53 -0500},
	date-modified = {2022-10-27 15:19:29 -0500},
	edition = {5a. ed.},
	publisher = {McGraw-Hill,},
	title = {Metodolog{\'\i}a de la investigaci{\'o}n},
	year = {2010.}}
